@online { savin
        , title = {Numbers, Groups and Cryptography}
        , author = {Gordan Savin}
        , date = {2015-08-17}
        , url = {http://www.math.utah.edu/~savin/book15.pdf}
        , urldate = {2016-06-11}
        }

@online { w-integers
        , title = {Integer}
        , organization = {Wikipedia}
        , urldate = {2016-06-11}
        , url = {https://en.wikipedia.org/wiki/Integer}
        }

@online { pa-unique
        , title = {Uniqueness of the decimal representation of real numbers.}
        , author = {Peter Alfeld}
        , date = {1996-08-16}
        , url = {http://www.math.utah.edu/~pa/math/sets/unique.html}
        , urldate = {2016-06-11}
        }

@book { taylor
      , title = {Foundations of Analysis}
      , author = {Joseph L. Taylor}
      , year = {2012}
      , publisher = {American Mathematical Society}
      , isbn = {978-0-8218-8914-8}
      }

@book { landau
      , author    = {Edmund Landau}
      , title     = {Foundations of Analysis}
      , publisher = {AMS Chelsea Publishing}
      , year      = {1966}
      , address   = {Providence, RI}
      }

@online { halleck
        , title = {Logic Systems}
        , author = {John Halleck}
        , date = {2013-10-09}
        , url = {http://www.cc.utah.edu/~nahaj/logic/structures/systems/index.html}
        , urldate = {2016-06-11}
        }

@online { halleck-brief
        , title = {Logic System Interrelationships}
        , author = {John Halleck}
        , date = {2008-07-17}
        , url = {http://www.cc.utah.edu/~nahaj/logic/structures/index.html}
        , urldate = {2016-06-11}
        }